<?xml version="1.0" encoding="UTF-8"?>
<Document xmlns:xsi="http://www.w3.org/2001/XMLSchema-instance" xmlns="urn:iso:std:iso:20022:tech:xsd:pain.001.001.03">
  <CstmrCdtTrfInitn>
    <GrpHdr>
      <MsgId>pain.001-za3-IBAN-valid-01</MsgId>
      <CreDtTm>2009-09-28T14:07:00</CreDtTm>
      <NbOfTxs>1</NbOfTxs>
      <CtrlSum>123.45</CtrlSum>
      <InitgPty>
        <Nm>ABC Corporation</Nm>
      </InitgPty>
    </GrpHdr>
    <PmtInf>
      <PmtInfId>1</PmtInfId>
      <PmtMtd>TRF</PmtMtd>
      <BtchBookg>true</BtchBookg>
      <ReqdExctnDt>2022-01-31</ReqdExctnDt>
      <Dbtr>
        <Nm>ABC Corporation</Nm>
      </Dbtr>
      <DbtrAcct>
        <Id>
          <IBAN>LI50088110604657K000C</IBAN>
        </Id>
      </DbtrAcct>
      <DbtrAgt>
        <FinInstnId>
          <BIC>BFRILI22</BIC>
        </FinInstnId>
      </DbtrAgt>
      <CdtTrfTxInf>
        <PmtId>
          <InstrId>1-1</InstrId>
          <EndToEndId>1-1</EndToEndId>
        </PmtId>
        <Amt>
          <InstdAmt Ccy="USD">123.45</InstdAmt>
        </Amt>
        <CdtrAgt>
          <FinInstnId>
            <!-- V2: BIC inland -->
            <BIC>ZKBKCHZZ80A</BIC>
          </FinInstnId>
        </CdtrAgt>
        <Cdtr>
          <Nm>Some guy</Nm>
        </Cdtr>
        <CdtrAcct>
          <Id>
            <!-- IBAN -->
            <IBAN>CH3900700115651849173</IBAN>
          </Id>
        </CdtrAcct>
      </CdtTrfTxInf>
    </PmtInf>
  </CstmrCdtTrfInitn>
</Document>
